<record><leader>00000cas a2200000 a 4500</leader><controlfield tag="001">28119426</controlfield><controlfield tag="008">930517d19531962iluwr ne      0   a0eng c</controlfield><datafield ind1=" " ind2=" " tag="010"><subfield code="a">sn 93055545 </subfield></datafield><datafield ind1=" " ind2=" " tag="040"><subfield code="a">NVF</subfield><subfield code="b">eng</subfield><subfield code="c">NVF</subfield><subfield code="d">OCLCQ</subfield><subfield code="d">NVF</subfield><subfield code="d">OCLCQ</subfield><subfield code="d">OCLCF</subfield><subfield code="d">NVF</subfield><subfield code="d">OCLCO</subfield><subfield code="d">OCL</subfield></datafield><datafield ind1=" " ind2=" " tag="042"><subfield code="a">pcc</subfield></datafield><datafield ind1=" " ind2=" " tag="043"><subfield code="a">n-us-il</subfield></datafield><datafield ind1="0" ind2="0" tag="245"><subfield code="a">Hancock County journal and the Carthage Republican.</subfield></datafield><datafield ind1="1" ind2="7" tag="246"><subfield code="a">Hancock County journal</subfield></datafield><datafield ind1="1" ind2="7" tag="246"><subfield code="a">Hancock County journal and Carthage Republican</subfield></datafield><datafield ind1=" " ind2=" " tag="260"><subfield code="a">Carthage, Hancock County, Ill. :</subfield><subfield code="b">Donald T. Forsythe,</subfield><subfield code="c">1953-1962.</subfield></datafield><datafield ind1=" " ind2=" " tag="300"><subfield code="a">v.</subfield></datafield><datafield ind1=" " ind2=" " tag="310"><subfield code="a">Weekly</subfield></datafield><datafield ind1="0" ind2=" " tag="362"><subfield code="a">Vol. 66, no. 45 (Nov. 5, 1953)-v. 75, no. 52 (Dec. 27, 1962).</subfield></datafield><datafield ind1=" " ind2=" " tag="580"><subfield code="a">Formed by the union of: Hancock County journal (Carthage, Ill. : 1886) and: Carthage Republican (Carthage, Ill.).</subfield></datafield><datafield ind1=" " ind2="0" tag="651"><subfield code="a">Carthage (Ill.)</subfield><subfield code="v">Newspapers.</subfield></datafield><datafield ind1=" " ind2="0" tag="651"><subfield code="a">Hancock County (Ill.)</subfield><subfield code="v">Newspapers.</subfield></datafield><datafield ind1=" " ind2="7" tag="651"><subfield code="a">Illinois</subfield><subfield code="z">Hancock County</subfield><subfield code="2">fast</subfield><subfield code="0">(OCoLC)fst01206510</subfield></datafield><datafield ind1=" " ind2="7" tag="651"><subfield code="a">Illinois</subfield><subfield code="z">Carthage.</subfield><subfield code="2">fast</subfield><subfield code="0">(OCoLC)fst01217938</subfield></datafield><datafield ind1=" " ind2="7" tag="655"><subfield code="a">Newspapers.</subfield><subfield code="2">fast</subfield><subfield code="0">(OCoLC)fst01423814</subfield></datafield><datafield ind1=" " ind2=" " tag="752"><subfield code="a">United States</subfield><subfield code="b">Illinois</subfield><subfield code="c">Hancock</subfield><subfield code="d">Carthage.</subfield></datafield><datafield ind1="1" ind2="4" tag="780"><subfield code="t">Hancock County journal (Carthage, Ill. : 1886)</subfield><subfield code="w">(DLC)sn 90065054</subfield><subfield code="w">(OCoLC)21543916</subfield></datafield><datafield ind1="1" ind2="4" tag="780"><subfield code="t">Carthage Republican (Carthage, Ill.)</subfield><subfield code="w">(DLC)sn 85033441</subfield><subfield code="w">(OCoLC)11967049</subfield></datafield><datafield ind1="0" ind2="0" tag="785"><subfield code="t">Hancock County journal (Carthage, Ill. : 1963)</subfield><subfield code="w">(DLC)sn 93055546</subfield><subfield code="w">(OCoLC)28119462</subfield></datafield><datafield ind1="1" ind2=" " tag="029"><subfield code="a">AU@</subfield><subfield code="b">000025488767</subfield></datafield></record>